

@article{J.Thomson,
  title={Linking sensory characteristics to emotions: An example using dark chocolate},
  author={Thomson, David MH and Crocker, Christopher and Marketo, Christopher G},
  journal={Food Quality and Preference},
  volume={21},
  number={8},
  pages={1117--1125},
  year={2010},
  publisher={Elsevier}
}

@book{Banks,
title={blabla},
author={Cam Banks}

}

@book{MZanker,
  title={Sensation, Perception and Action: An Evolutionary Perspective},
  author={Zanker, J.},
  isbn={9780230552678},
  year={2010},
  publisher={Palgrave Macmillan}
}

@misc{JohnFKim,
author={John H. Kim},
title =  {what is a roleplaying game?},
note= {\url{http://www.darkshire.net/~jhkim/rpg/whatis/}}

}

@misc{Groeger,
author={Lena Groeger},
title = {Making Sense of the World, Several Senses at a Time},
note = {\url{http://www.scientificamerican.com/article/making-sense-world-sveral-senses-at-time/}}
}